@article{Kingman1982,
  title   = {The coalescent},
  author  = {Kingman, J. F. C.},
  journal = {Stochastic Processes and their Applications},
  volume  = {13},
  number  = {3},
  pages   = {235--248},
  year    = {1982},
  doi     = {10.1016/0304-4149(82)90011-4}
}

@book{Fisher1930,
  title     = {The Genetical Theory of Natural Selection},
  author    = {Fisher, Ronald A.},
  publisher = {Clarendon Press},
  address   = {Oxford},
  year      = {1930}
}

@article{Wright1931,
  title   = {Evolution in Mendelian populations},
  author  = {Wright, Sewall},
  journal = {Genetics},
  volume  = {16},
  number  = {2},
  pages   = {97--159},
  year    = {1931}
}

@article{Pitman1999,
  title   = {Coalescents with multiple collisions},
  author  = {Pitman, Jim},
  journal = {The Annals of Probability},
  volume  = {27},
  number  = {4},
  pages   = {1870--1902},
  year    = {1999}
}

@article{Sagitov1999,
  title   = {The general coalescent with asynchronous mergers of ancestral lines},
  author  = {Sagitov, Serik},
  journal = {Journal of Applied Probability},
  volume  = {36},
  number  = {4},
  pages   = {1116--1125},
  year    = {1999}
}